@article{goldberger2000physiobank,
  title={PhysioBank, PhysioToolkit, and PhysioNet: components of a new research resource for complex physiologic signals},
  author={Goldberger, Ary L and Amaral, Luis AN and Glass, Leon and Hausdorff, Jeffrey M and Ivanov, Plamen Ch and Mark, Roger G and Mietus, Joseph E and Moody, George B and Peng, C-K and Stanley, H Eugene},
  journal={Circulation},
  volume={101},
  number={23},
  pages={e215--e220},
  year={2000},
  publisher={Am Heart Assoc}
}

@inproceedings{shoeb2009application,
  title={Application of machine learning to epileptic seizure detection},
  author={Shoeb, Ali and Guttag, John},
  booktitle={Proceedings of the 27th international conference on machine learning (ICML-10)},
  pages={975--982},
  year={2009}
}